%% This bibtex file is currently arranged by chronological order, newest articles to oldest articles. 
% Naming convention is first author's last name and the year published.

@article{,
title = {},
journal = {},
author = {},
year = {},
volume = {},
issue = {},
pages = {},
doi = {}
}

%% 2020 - 2010
@article{Chen2020,
title = {Linear and nonlinear poroelastic analysis of swelling and drying behavior of gelatin-based hydrogels",
journal = "International Journal of Solids and Structures},
volume = {195},
pages = {43 - 56},
year = {2020},
issn = {0020-7683},
doi = {https://doi.org/10.1016/j.ijsolstr.2020.03.017},
author = {Si Chen and Rui Huang and Krishnaswamy Ravi-Chandar},
}

@article{Liu2020Contact,
title = {Effects of strain-dependent surface stress on the adhesive contact of a rigid sphere to a compliant substrate},
journal = {Soft Matter},
author = {Liu, Z and Jensen, KE and Xu, Q},
year = {2020},
volume = {15},
issue = {10},
pages = {2223‐2231},
doi = {doi:10.1039/c8sm02579g}
}

@article{Liu2020LineLoad,
author = {Liu, Zezhou  and Bouklas, Nikolaos  and Hui, Chung-Yuen },
title = {Coupled flow and deformation fields due to a line load on a poroelastic half space: effect of surface stress and surface bending},
journal = {Proceedings of the Royal Society A: Mathematical, Physical and Engineering Sciences},
volume = {476},
number = {2233},
pages = {20190761},
year = {2020},
doi = {10.1098/rspa.2019.0761}
}

@article{Okumura2020,
title = "A general expression for linearized properties of swollen elastomers undergoing large deformations",
journal = "Journal of the Mechanics and Physics of Solids",
volume = "135",
pages = "103805",
year = "2020",
issn = "0022-5096",
doi = "https://doi.org/10.1016/j.jmps.2019.103805",
author = "Dai Okumura and Hironori Kawabata and Shawn A. Chester",
}

@article{alawiye2019revisiting,
  title={Revisiting the wrinkling of elastic bilayers I: linear analysis},
  author={Alawiye, Hamza and Kuhl, Ellen and Goriely, Alain},
  journal={Philosophical Transactions of the Royal Society A},
  volume={377},
  number={2144},
  pages={20180076},
  year={2019},
  publisher={The Royal Society Publishing}
}

@article{Dortdivanlioglu2019,
author = {Dortdivanlioglu, Berkin and Linder, Christian},
year = {2019},
month = {01},
pages = {38-52},
title = {Diffusion-driven swelling-induced instabilities of hydrogels},
volume = {125},
journal = {Journal of the Mechanics and Physics of Solids},
doi = {10.1016/j.jmps.2018.12.010}
}

@article{Elkhoury2019,
author = {Elkhoury, Kamil and Russell, Carina S. and Sanchez-Gonzalez, Laura and Mostafavi, Azadeh and Williams, Tyrell J. and Kahn, Cyril and Peppas, Nicholas A. and Arab-Tehrany, Elmira and Tamayol, Ali},
title = {Soft-Nanoparticle Functionalization of Natural Hydrogels for Tissue Engineering Applications},
journal = {Advanced Healthcare Materials},
volume = {8},
number = {18},
pages = {1900506},
doi = {10.1002/adhm.201900506},
year = {2019}
}

@article{Krischok2019,
title = "A generalized inf–sup test for multi-field mixed-variational methods",
journal = "Computer Methods in Applied Mechanics and Engineering",
volume = "357",
pages = "112497",
year = "2019",
issn = "0045-7825",
doi = "https://doi.org/10.1016/j.cma.2019.06.008",
author = "A. Krischok and C. Linder",
}

@Article{Lapinski2019,
author ="Lapinski, Nicole and Liu, Zezhou and Yang, Shu and Hui, Chung-Yuen and Jagota, Anand",
title  ="A surface with stress{,} extensional elasticity{,} and bending stiffness",
journal  ="Soft Matter",
year  ="2019",
volume  ="15",
issue  ="18",
pages  ="3817-3827",
publisher  ="The Royal Society of Chemistry",
doi  ="10.1039/C9SM00075E"
}

@article{Mailand2019,
title = {Surface and Bulk Stresses Drive Morphological Changes in Fibrous Microtissues},
journal = {Biophysical Journal},
author = {Erik Mailand and Bin Li and Jeroen Eyckmans and Nikolaos Bouklas and Mahmut Selman Sakar},
volume = {117},
number = {5},
pages = {975 - 986},
year = {2019},
issn = {0006-3495},
doi = {https://doi.org/10.1016/j.bpj.2019.07.041}
}

@article{delavoipiere2018friction,
  title={Friction of poroelastic contacts with thin hydrogel films},
  author={Delavoipi{\`e}re, Jessica and Tran, Yvette and Verneuil, Emilie and Heurtefeu, Bertrand and Hui, Chung Yuen and Chateauminois, Antoine},
  journal={Langmuir},
  volume={34},
  number={33},
  pages={9617--9626},
  year={2018},
  publisher={ACS Publications}
}

@article{Roman2018Review,
author = {Bico, José and Reyssat, Étienne and Roman, Benoît},
title = {Elastocapillarity: When Surface Tension Deforms Elastic Solids},
journal = {Annual Review of Fluid Mechanics},
volume = {50},
number = {1},
pages = {629-659},
year = {2018},
doi = {10.1146/annurev-fluid-122316-050130}
}

@Article{Style2018,
author = {Style, Robert W. and Xu, Qin},
title = {The mechanical equilibrium of soft solids with surface elasticity},
journal = {Soft Matter},
year  = {2018},
volume = {14},
issue  = {22},
pages  = {4569-4576},
publisher = {The Royal Society of Chemistry},
doi = {10.1039/C8SM00166A}
}

@Article{Xu2018,
author = {Xu, Qin and Style, Robert W. and Dufresne, Eric R.},
title = {Surface elastic constants of a soft solid},
journal = {Soft Matter},
year = {2018},
volume = {14},
issue = {6},
pages = {916-920},
publisher = {The Royal Society of Chemistry},
doi  = {10.1039/C7SM02431B}
}

@article{Jensen2017,
  title = {Strain-Dependent Solid Surface Stress and the Stiffness of Soft Contacts},
  author = {Jensen, Katharine E. and Style, Robert W. and Xu, Qin and Dufresne, Eric R.},
  journal = {Phys. Rev. X},
  volume = {7},
  issue = {4},
  pages = {041031},
  numpages = {6},
  year = {2017},
  month = {Nov},
  publisher = {American Physical Society},
  doi = {10.1103/PhysRevX.7.041031}
}

@article{Polygerinos2017,
author = {Polygerinos, Panagiotis and Correll, Nikolaus and Morin, Stephen A. and Mosadegh, Bobak and Onal, Cagdas D. and Petersen, Kirstin and Cianchetti, Matteo and Tolley, Michael T. and Shepherd, Robert F.},
title = {Soft Robotics: Review of Fluid-Driven Intrinsically Soft Devices; Manufacturing, Sensing, Control, and Applications in Human-Robot Interaction},
journal = {Advanced Engineering Materials},
volume = {19},
number = {12},
pages = {1700016},
doi = {10.1002/adem.201700016},
year = {2017}
}

@article{Style2017Review,
author = {Style, Robert W. and Jagota, Anand and Hui, Chung-Yuen and Dufresne, Eric R.},
title = {Elastocapillarity: Surface Tension and the Mechanics of Soft Solids},
journal = {{A}nnual {R}eview of {C}ondensed {M}atter {P}hysics},
volume = {8},
number = {1},
pages = {99-118},
year = {2017},
doi = {10.1146/annurev-conmatphys-031016-025326}
}

@article{Wu2017,
title = "Onset of swell-induced surface instability of hydrogel layers with depth-wise graded material properties",
journal = "Mechanics of Materials",
volume = "105",
pages = "138 - 147",
year = "2017",
issn = "0167-6636",
doi = "https://doi.org/10.1016/j.mechmat.2016.11.005",
author = "Zhigen Wu and Nikolaos Bouklas and Yihua Liu and Rui Huang"
}

@article{Bertrand2016,
  title = {Dynamics of Swelling and Drying in a Spherical Gel},
  author = {Bertrand, Thibault and Peixinho, Jorge and Mukhopadhyay, Shomeek and MacMinn, Christopher W.},
  journal = {Phys. Rev. Applied},
  volume = {6},
  issue = {6},
  pages = {064010},
  numpages = {20},
  year = {2016},
  month = {Dec},
  publisher = {American Physical Society},
  doi = {10.1103/PhysRevApplied.6.064010}
}

@article{Alnaes2015,
  title = {The FEniCS Project Version 1.5},
  author = {Martin S. Aln{\ae}s and Jan Blechta and Johan Hake and August Johansson and Benjamin Kehlet and Anders Logg and Chris Richardson and Johannes Ring and Marie E. Rognes and Garth N. Wells},
  year = {2015},
  journal = {Archive of Numerical Software},
  volume = {3},
  number = {100},
  doi = {10.11588/ans.2015.100.20553},
  page = {9-23},
}

@article{Bouklas2015Fracture,
author = {Nikolaos Bouklas and Chad M. Landis and Rui Huang},
title = {Effect of solvent diffusion on crack-tip fields and driving force for fracture of hydrogels},
journal = {Journal of Applied Mechanics},
year = {2015},
volume = {82},
number = {8},
pages = {1 - 16},
issn = {0021-8936},
doi = {10.1115/1.4030587}
}

@article{Bouklas2015,
author = {Nikolaos Bouklas and Chad M. Landis and Rui Huang},
title = {A nonlinear, transient finite element method for coupled solvent diffusion and large deformation of hydrogels},
journal = {Journal of the Mechanics and Physics of Solids},
year = {2015},
volume = {79},
pages = {21 - 43},
issn = {0022-5096},
doi = {https://doi.org/10.1016/j.jmps.2015.03.004}
}

@article{Chester2015,
title = "A finite element implementation of a coupled diffusion-deformation theory for elastomeric gels",
journal = "International Journal of Solids and Structures",
volume = "52",
pages = "1 - 18",
year = "2015",
issn = "0020-7683",
doi = "https://doi.org/10.1016/j.ijsolstr.2014.08.015",
author = "Shawn A. Chester and Claudio V. [Di Leo] and Lallit Anand"
}

@article{Hui2015Review,
author = {Hui,Chung-Yuen  and Muralidharan,Vijayanand },
title = {Gel mechanics: A comparison of the theories of Biot and Tanaka, Hocker, and Benedek},
journal = {The Journal of Chemical Physics},
volume = {123},
number = {15},
pages = {154905},
year = {2005},
doi = {10.1063/1.2061987}
}

@article{Liu2015Review,
author = {Liu, Zishun and Toh, William and Ng, Teng Yong},
title = {Advances in Mechanics of Soft Materials: A Review of Large Deformation Behavior of Hydrogels},
journal = {International Journal of Applied Mechanics},
volume = {07},
number = {05},
pages = {1530001},
year = {2015},
doi = {10.1142/S1758825115300011}
}

@Article{Henann2014,
author ={Henann, David L. and Bertoldi, Katia},
title ={Modeling of elasto-capillary phenomena},
journal = {Soft Matter},
year = {2014},
volume = {10},
issue = {5},
pages = {709-717},
publisher = {The Royal Society of Chemistry},
doi = {10.1039/C3SM52583J}
}

@article{Pan2014,
title = "Nonlinear analysis of compressed elastic thin films on elastic substrates: From wrinkling to buckle-delamination",
journal = "International Journal of Solids and Structures",
volume = "51",
number = "21",
pages = "3715 - 3726",
year = "2014",
issn = "0020-7683",
doi = "https://doi.org/10.1016/j.ijsolstr.2014.07.005",
author = "Kui Pan and Yong Ni and Linghui He and Rui Huang"
}

@article {Agarwal2013,
	author = {Agarwal, Rachit and Singh, Vikramjit and Jurney, Patrick and Shi, Li and Sreenivasan, S. V. and Roy, Krishnendu},
	title = {Mammalian cells preferentially internalize hydrogel nanodiscs over nanorods and use shape-specific uptake mechanisms},
	volume = {110},
	number = {43},
	pages = {17247--17252},
	year = {2013},
	doi = {10.1073/pnas.1305000110},
	publisher = {National Academy of Sciences},
	issn = {0027-8424},
	journal = {Proceedings of the National Academy of Sciences}
}

@article{lucantonio2013transient,
  title={Transient analysis of swelling-induced large deformations in polymer gels},
  author={Lucantonio, Alessandro and Nardinocchi, P and Teresi, L},
  journal={Journal of the Mechanics and Physics of Solids},
  volume={61},
  number={1},
  pages={205--218},
  year={2013},
  publisher={Elsevier}
}

@article{Mora2013,
title = {Solid drops: large capillary deformations of immersed elastic rods.},
journal = {Physics Review Letters},
author = {Mora, S. and Maurini, C. and Phou, T. and  Fromental, JM. and Audoly, B. and Pomeau, Y.},
year = {2013},
volume = {111},
issue = {11},
doi = {doi:10.1103/PhysRevLett.111.114301}
}

@article{Steichen2013Review,
author = {Steichen, Stephanie D. and Caldorera-Moore, Mary and Peppas, Nicholas A.},
title = {A review of current nanoparticle and targeting moieties for the delivery of cancer therapeutics},
journal = {European journal of pharmaceutical science},
volume = {48},
number = {3},
pages = {416-427},
year = {2013},
doi = {10.1016/j.ejps.2012.12.006}
}

@article{Sun2013,
author = {Sun, WaiChing and Ostien, Jakob T. and Salinger, Andrew G.},
title = {A stabilized assumed deformation gradient finite element formulation for strongly coupled poromechanical simulations at finite strain},
journal = {International Journal for Numerical and Analytical Methods in Geomechanics},
volume = {37},
number = {16},
pages = {2755-2788},
doi = {10.1002/nag.2161},
year = {2013}
}

@article{Xu2013,
author = {Xu, Xuejuan and Jagota, Anand and Peng, Songming and Luo, Dan and Wu, Mingming and Hui, Chung-Yuen},
title = {Gravity and Surface Tension Effects on the Shape Change of Soft Materials},
journal = {Langmuir},
volume = {29},
number = {27},
pages = {8665-8674},
year = {2013},
doi = {10.1021/la400921h}
}

@article{Wu2013,
title = {Swell-induced surface instability of hydrogel layers with material properties varying in thickness direction},
journal = {International Journal of Solids and Structures},
volume = {50},
number = {3},
pages = {578 - 587},
year = {2013},
issn = {0020-7683},
doi = {https://doi.org/10.1016/j.ijsolstr.2012.10.022},
author = {Zhigen Wu and Nikolaos Bouklas and Rui Huang},
}

@Article{Chester2012,
title = {A constitutive model for coupled fluid permeation and large viscoelastic deformation in polymeric gels},
journal = {Soft Matter},
author = {Chester, Shawn A.},
year = {2012},
volume = {8},
issue = {31},
pages  ={8223-8233},
publisher  ={The Royal Society of Chemistry},
doi  ={10.1039/C2SM25372K}
}

@article{Fernandes2012Review,
title = {Self-folding polymeric containers for encapsulation and delivery of drugs},
journal = {Advanced Drug Delivery Review},
author = {Fernandes, R and Gracias, DH.},
year = {2012},
volume = {64},
issue = {14},
pages = {1579-1589},
doi = {doi:10.1016/j.addr.2012.02.012}
}

@article{Zhang2012,
author = {Zhang, Yi and Tekobo, Samuel and Tu, Ying and Zhou, Qunfang and Jin, Xinlong and Dergunov, Sergey A. and Pinkhassik, Eugene and Yan, Bing},
title = {Permission to Enter Cell by Shape: Nanodisk vs Nanosphere},
journal = {ACS Applied Materials \& Interfaces},
volume = {4},
number = {8},
pages = {4099-4105},
year = {2012},
doi = {10.1021/am300840p}
}

@Article{Bouklas2012,
author ={Bouklas, Nikolaos and Huang, Rui},
title  ={Swelling kinetics of polymer gels: comparison of linear and nonlinear theories},
journal  ={Soft Matter},
year  ={2012},
volume  ={8},
issue  ={31},
pages  ={8194-8203},
publisher  ={The Royal Society of Chemistry},
doi  ={10.1039/C2SM25467K}
}

@Article{Caldorera-Moore2011,
author = {Caldorera-Moore, Mary and Kang, Min Kyoo and Moore, Zachary and Singh, Vikramjit and Sreenivasan, S. V. and Shi, Li and Huang, Rui and Roy, Krishnendu},
title  = {Swelling behavior of nanoscale{,} shape- and size-specific{,} hydrogel particles fabricated using imprint lithography},
journal  = {Soft Matter},
year  = {2011},
volume  = {7},
issue  = {6},
pages  = {2879-2887},
publisher  = {The Royal Society of Chemistry},
doi  = {10.1039/C0SM01185A}
}

@article{Javili2011,
  title={A finite element framework for continua with boundary energies. Part III: The thermomechanical case},
  author={Javili, A and 
  Steinmann, Paul},
  journal={Computer Methods in Applied Mechanics and Engineering},
  volume={200},
  number={21-22},
  pages={1963--1977},
  year={2011},
  publisher={Elsevier}
}

%% 2010 - 2000
@article{Bhattarai2010,
title = {Chitosan-based hydrogels for controlled, localized drug delivery"},
author = {Narayan Bhattarai and Jonathan Gunn and Miqin Zhang},
journal = {Advanced Drug Delivery Reviews},
volume = {62},
number = {1},
pages = {83-99},
year = {2010},
issn = {0169-409X},
doi = {https://doi.org/10.1016/j.addr.2009.07.019}
}

@article{Duda2010,
title = "A theory for species migration in a finitely strained solid with application to polymer network swelling",
journal = "Journal of the Mechanics and Physics of Solids",
volume = "58",
number = "4",
pages = "515 - 529",
year = "2010",
issn = "0022-5096",
doi = "https://doi.org/10.1016/j.jmps.2010.01.009",
author = "Fernando P. Duda and Angela C. Souza and Eliot Fried",
}

@article{Javili2010,
title = {A finite element framework for continua with boundary energies. Part II: The three-dimensional case},
journal = {Computer Methods in Applied Mechanics and Engineering},
volume = {199},
number = {9},
pages = {755 - 765},
year = {2010},
issn = {0045-7825},
doi = {https://doi.org/10.1016/j.cma.2009.11.003},
author = {A. Javili and P. Steinmann}
}

@article{Kang2010FE,
    author = {Kang, Min Kyoo and Huang, Rui},
    title = "{A Variational Approach and Finite Element Implementation for Swelling of Polymeric Hydrogels Under Geometric Constraints}",
    journal = {Journal of Applied Mechanics},
    volume = {77},
    number = {6},
    year = {2010},
    month = {08},
    issn = {0021-8936},
    doi = {10.1115/1.4001715}
}

@Article{Kang2010,
author ={Kang, Min K. and Huang, Rui},
title = {Effect of surface tension on swell-induced surface instability of substrate-confined hydrogel layers},
journal = {Soft Matter},
year = {2010},
volume ={6},
issue  ={22},
pages  = {5736-5742},
publisher  = {The Royal Society of Chemistry},
doi  ={10.1039/C0SM00335B}
}

@Article{Yoon2010,
author ={Yoon, Jinhwan and Cai, Shengqiang and Suo, Zhigang and Hayward, Ryan C.},
title = {Poroelastic swelling kinetics of thin hydrogel layers: comparison of theory and experiment},
journal = {Soft Matter},
year = {2010},
volume = {6},
issue = {23},
pages = {6004-6012},
publisher = {The Royal Society of Chemistry},
doi = {10.1039/C0SM00434K}
}

@article{Geuzaine2009,
author = {Geuzaine, Christophe and Remacle, Jean-François},
title = {Gmsh: A 3-D finite element mesh generator with built-in pre- and post-processing facilities},
journal = {International Journal for Numerical Methods in Engineering},
volume = {79},
number = {11},
pages = {1309-1331},
doi = {10.1002/nme.2579},
year = {2009}
}

@article{Javili2009,
title = "A finite element framework for continua with boundary energies. Part I: The two-dimensional case",
journal = "Computer Methods in Applied Mechanics and Engineering",
volume = "198",
number = "27",
pages = "2198 - 2208",
year = "2009",
issn = "0045-7825",
doi = "https://doi.org/10.1016/j.cma.2009.02.008",
author = "A. Javili and P. Steinmann",
}

@Article{Ahn2008Review,
author ="Ahn, Suk-kyun and Kasi, Rajeswari M. and Kim, Seong-Cheol and Sharma, Nitin and Zhou, Yuxiang",
title  ="Stimuli-responsive polymer gels",
journal = {Soft Matter},
year  = {2008},
volume = {4},
issue = {6},
pages  = {1151-1157},
publisher  = {The Royal Society of Chemistry},
doi  = {10.1039/B714376A}
}

@article{Hong2008,
title = {A theory of coupled diffusion and large deformation in polymeric gels},
author = {Wei Hong and Xuanhe Zhao and Jinxiong Zhou and Zhigang Suo},
journal = {Journal of the Mechanics and Physics of Solids},
volume = {56},
number = {5},
pages = {1779 - 1793},
year = {2008},
issn = {0022-5096},
doi = {https://doi.org/10.1016/j.jmps.2007.11.010}
}

@article{Steinmann2008,
author = {Paul Steinmann},
title = {On boundary potential energies in deformational and configurational mechanics},
journal = {Journal of the Mechanics and Physics of Solids},
volume = {56},
number = {3},
pages = {772 - 800},
year = {2008},
issn = {0022-5096},
doi = {https://doi.org/10.1016/j.jmps.2007.07.001}
}

@article{Choi2007,
title = {Microfluidic scaffolds for tissue engineering},
journal = {Nature Materials},
author = {Choi, Nak Won and Cabodi, Mario and Held, Brittany and Gleghorn, Jason P. and Bonassar, Lawrence J. and Stroock, Abraham D.},
year = {2007},
volume = {6},
number = {11},
pages = {908-915},
doi = {10.1038/nmat2022}
}

@article{Hui2006,
author = {Hui, Chung-Yuen and Lin, Yu Yun and Chuang, Fu-Chin and Shull, Kenneth R. and Lin, Wei-Chun},
title = {A contact mechanics method for characterizing the elastic properties and permeability of gels},
journal = {Journal of Polymer Science Part B: Polymer Physics},
volume = {44},
number = {2},
pages = {359-370},
doi = {10.1002/polb.20613},
year = {2006}
}

@article{Li2006,
title = {Deformability of thin metal films on elastomer substrates},
journal = {International Journal of Solids and Structures},
volume = {43},
number = {7},
pages = {2351 - 2363},
year = {2006},
issn = {0020-7683},
doi = {https://doi.org/10.1016/j.ijsolstr.2005.04.034},
author = {Teng Li and Z. Suo}
}

@article{Peppas2006,
author = {Peppas, N.A. and Hilt, J.Z. and Khademhosseini, A. and Langer, R.},
title = {Hydrogels in Biology and Medicine: From Molecular Principles to Bionanotechnology},
journal = {Advanced Materials},
volume = {18},
number = {11},
pages = {1345-1360},
doi = {10.1002/adma.200501612},
year = {2006}
}

@article{Hennink2002Review,
author = {Hennink, WE and van Nostrum, CF.},
title = {Novel crosslinking methods to design hydrogels},
journal = {Advanced Drug Delivery Review},
volume = {54},
number = {1},
pages = {13-36},
doi = {10.1016/s0169-409x(01)00240-x},
year = {2002}
}

@article{Hui2002,
title = {Constraints on Microcontact Printing Imposed by Stamp Deformation},
journal = {Langmuir},
author = {Hui, C. Y. and Jagota, A. and Lin, Y. Y. and Kramer, E. J.},
year = {2002},
volume = {18},
issue = {4},
pages = {1394-1407},
doi = {10.1021/la0113567}
}

%% Older citations 
@article{SteigmannOgden1999,
title = {Elastic surface-substrate interactions},
journal = {Proceedings of the Royal Society of London A},
volume = {455},
pages = {437 - 474},
year = {1999},
author = {D. J. Steigmann and R. W. Ogden}
}

@article{Scherer1989,
author = {George W. Scherer},
title = {Drying gels: VIII. Revision and review},
journal = {Journal of Non-Crystalline Solids},
volume = {109},
number = {2},
pages = {171-182},
year = {1989},
issn = {0022-3093},
doi = {https://doi.org/10.1016/0022-3093(89)90029-X}
}

@article{Rice1976,
author = {Rice, James R. and Cleary, Michael P.},
title = {Some basic stress diffusion solutions for fluid-saturated elastic porous media with compressible constituents},
journal = {Reviews of Geophysics},
volume = {14},
number = {2},
pages = {227-241},
doi = {10.1029/RG014i002p00227}
year = {1976}
}

@article{GurtinMurdoch1978,
title = {Surface stress in solids},
journal = {International Journal of Solids and Structures},
volume = {14},
number = {6},
pages = {431 - 440},
year = {1978},
issn = {0020-7683},
doi = {https://doi.org/10.1016/0020-7683(78)90008-2},
author = {Morton E. Gurtin and Ian A. Murdoch}
}

@article{GurtinMurdoch1975,
  title={A continuum theory of elastic material surfaces},
  author={Gurtin, Morton E and Murdoch, A Ian},
  journal={Archive for rational mechanics and analysis},
  volume={57},
  number={4},
  pages={291--323},
  year={1975},
  publisher={Springer}
}

@article{McNamee1960,
    author = {McNamee, John and Gibson, R. E.},
    title = {Displacement Functions and Linear Transforms Applied to Diffusion Through Porous Elastic Media},
    journal = {The Quarterly Journal of Mechanics and Applied Mathematics},
    volume = {13},
    number = {1},
    pages = {98-111},
    year = {1960},
    month = {01},
    issn = {0033-5614},
    doi = {10.1093/qjmam/13.1.98}
}

@article{FloryRehner1943,
author = {Flory,Paul J.  and Rehner,John },
title = {Statistical Mechanics of Cross‐Linked Polymer Networks II. Swelling},
journal = {The Journal of Chemical Physics},
volume = {11},
number = {11},
pages = {521-526},
year = {1943},
doi = {10.1063/1.1723792}
}

@article{Biot1941,
author = {Biot,Maurice A. },
title = {General Theory of Three‐Dimensional Consolidation},
journal = {Journal of Applied Physics},
volume = {12},
number = {2},
pages = {155-164},
year = {1941},
doi = {10.1063/1.1712886}
}

@article{huggins1941solutions,
  title={Solutions of long chain compounds},
  author={Huggins, Maurice L},
  journal={The Journal of chemical physics},
  volume={9},
  number={5},
  pages={440--440},
  year={1941},
  publisher={American Institute of Physics}
}

%% BOOKS 
@book{Logg2012,
  title = {Automated Solution of Differential Equations by the Finite Element Method},
  author = {Anders Logg and Kent-Andre Mardal and Garth N. Wells and others},
  year = {2012},
  publisher = {Springer},
  doi = {10.1007/978-3-642-23099-8},
  isbn = {978-3-642-23098-1},
}

@book{Holzapfel2000Book,
  title={Nonlinear solid mechanics II},
  author={Holzapfel, Gerhard A},
  year={2000},
  publisher={John Wiley \& Sons, Inc.}
}

@book{Green1992Book,
  title={Theoretical elasticity},
  author={Green, Albert Edward and Zerna, Wolfgang},
  year={1992},
  publisher={Courier Corporation}
}

@book{doCarmo1976Book,
  author = {do Carmo, Manfredo P.},
  isbn = {978-0-13-212589-5},
  pages = {I-VIII, 1-503},
  publisher = {Prentice Hall},
  title = {Differential geometry of curves and surfaces.},
  year = 1976
}

@BOOK{Flory1953,
  title = {Principles of Polymer Chemistry},
  publisher = {Cornell University Press},
  year = {1953},
  author = {Paul J. Flory},
  address = {Ithaca, NY}
}